@Electronic{api-tweet,
  author   = {Fernando Pech May},
  language = {Spanish},
  title    = {Minería de datos en Twitter con Python: Colección de datos y frecuencia de términos},
  url      = {http://rios.tecnm.mx/cdistribuido/recursos/MinDatScr/MineriaScribble.html},
  year     = {2019},
}